<record><leader>00000cas a22000007a 4500</leader><controlfield tag="001">12257355</controlfield><controlfield tag="008">850712c19609999inudn ne      0    0eng d</controlfield><datafield ind1=" " ind2=" " tag="010"><subfield code="a">sn 85047598 </subfield></datafield><datafield ind1=" " ind2=" " tag="040"><subfield code="a">NPI</subfield><subfield code="b">eng</subfield><subfield code="c">NPI</subfield><subfield code="d">IUL</subfield><subfield code="d">OCLCQ</subfield><subfield code="d">OCLCF</subfield></datafield><datafield ind1="1" ind2=" " tag="029"><subfield code="a">AU@</subfield><subfield code="b">000040297166</subfield></datafield><datafield ind1=" " ind2=" " tag="042"><subfield code="a">msc</subfield></datafield><datafield ind1=" " ind2=" " tag="043"><subfield code="a">n-us-in</subfield></datafield><datafield ind1="0" ind2=" " tag="130"><subfield code="a">Princeton daily clarion (Princeton, Ind. : 1960)</subfield></datafield><datafield ind1="1" ind2="0" tag="245"><subfield code="a">Princeton daily clarion.</subfield></datafield><datafield ind1=" " ind2=" " tag="260"><subfield code="a">Princeton, Ind. :</subfield><subfield code="b">Princeton Pub. Co.,</subfield><subfield code="c">1960-</subfield></datafield><datafield ind1=" " ind2=" " tag="300"><subfield code="a">v. :</subfield><subfield code="b">ill. ;</subfield><subfield code="c">58 cm.</subfield></datafield><datafield ind1=" " ind2=" " tag="310"><subfield code="a">Daily (except Sat., Sun., Labor Day, and Christmas)</subfield></datafield><datafield ind1="0" ind2=" " tag="362"><subfield code="a">July 5, 1960-</subfield></datafield><datafield ind1=" " ind2="0" tag="651"><subfield code="a">Princeton (Ind.)</subfield><subfield code="v">Newspapers.</subfield></datafield><datafield ind1=" " ind2="0" tag="651"><subfield code="a">Gibson County (Ind.)</subfield><subfield code="v">Newspapers.</subfield></datafield><datafield ind1=" " ind2="7" tag="655"><subfield code="a">Newspapers.</subfield><subfield code="2">fast</subfield><subfield code="0">(OCoLC)fst01423814</subfield></datafield><datafield ind1=" " ind2="7" tag="651"><subfield code="a">Indiana</subfield><subfield code="z">Gibson County.</subfield><subfield code="2">fast</subfield><subfield code="0">(OCoLC)fst01204272</subfield></datafield><datafield ind1=" " ind2="7" tag="651"><subfield code="a">Indiana</subfield><subfield code="z">Princeton.</subfield><subfield code="2">fast</subfield><subfield code="0">(OCoLC)fst01218146</subfield></datafield><datafield ind1=" " ind2=" " tag="752"><subfield code="a">United States</subfield><subfield code="b">Indiana</subfield><subfield code="c">Gibson</subfield><subfield code="d">Princeton.</subfield></datafield><datafield ind1="0" ind2="0" tag="780"><subfield code="t">Princeton clarion-Democrat</subfield><subfield code="w">(DLC)sn 85047597</subfield></datafield></record>